
@inbook{TEST,
author = {Antonio Barone, Gianfranco Paternò},
publisher = {John Wiley & Sons, Ltd},
isbn = {9783527602780},
title = {Weak Superconductivity — Phenomenological Aspects},
booktitle = {Physics and Applications of the Josephson Effect},
chapter = {1},
pages = {1-24},
doi = {https://doi.org/10.1002/352760278X.ch1},
url = {https://onlinelibrary.wiley.com/doi/abs/10.1002/352760278X.ch1},
eprint = {https://onlinelibrary.wiley.com/doi/pdf/10.1002/352760278X.ch1},
year = {1982},
keywords = {weak superconductivity, phenomenological aspects, macroscopic quantum system, coupled superconductors, Josephson equations, electrodynamics},
abstract = {Summary This chapter contains sections titled: Macroscopic quantum system Coupled superconductors Single electron tunneling Josephson equations Magnetic field effects Barrier free energy Electrodynamics of the Josephson junction Other Josephson structures}
}

@book{ARF,
  abstract = {A textbook on mathematical physics. Chapter titles are: vector
                  analysis; coordinate systems; tensor analysis; determinants,
                  matrices, and group theory; infinite series; functions of a
                  complex variable {I}; functions of a complex variables {II}
                  --- calculus of residues; differential equations;
                  Sturm-Liouville theory --- orthogonal functions; the gamma
                  function (factorial function); Bessel functions; Legendre
                  functions; special functions; Fourier series; integral
                  transforms; integral equations; calculus of
                  variations. Appendices on real zeroes of a function, and
                  Gaussian quadrature are also included.},
  added-at = {2013-03-22T02:46:59.000+0100},
  address = {San Diego},
  annote = {First edition published in 1967.},
  author = {Arfken, George},
  biburl = {https://www.bibsonomy.org/bibtex/206a7a290f700ffb0ec221872f672f5ae/drmatusek},
  edition = {Third},
  interhash = {3892ff92c99fc6b30457216863fb6b22},
  intrahash = {06a7a290f700ffb0ec221872f672f5ae},
  keywords = {ODEs analysis complex functional mathematics matrix mechanics physics quantum},
  publisher = {Academic Press, {Inc.}},
  timestamp = {2014-11-16T04:53:12.000+0100},
  title = {Mathematical Methods for Physicists},
  year = 1985
}

@article{PhysRevB.54.R3756,
  title = {Superconductor-insulator transition in a disordered electronic system},
  author = {Trivedi, Nandini and Scalettar, Richard T. and Randeria, Mohit},
  journal = {Phys. Rev. B},
  volume = {54},
  issue = {6},
  pages = {R3756--R3759},
  numpages = {0},
  year = {1996},
  month = {Aug},
  publisher = {American Physical Society},
  doi = {10.1103/PhysRevB.54.R3756},
  url = {https://link.aps.org/doi/10.1103/PhysRevB.54.R3756}
}

@book{entropy,
  added-at = {2010-04-28T12:11:14.000+0200},
  address = {Great Clarendon Street, Oxford OX2 6DP},
  author = {Sethna, James P.},
  biburl = {https://www.bibsonomy.org/bibtex/258e355d90e36ca89b19ad65717812a4e/m_aster},
  edition = {first edition},
  interhash = {0c7562fe95222f8ac535d40205d3c287},
  intrahash = {58e355d90e36ca89b19ad65717812a4e},
  keywords = {awm2010 awmhadoop complexity entropy sethna},
  publisher = {Oxford University Press},
  timestamp = {2010-05-26T22:16:45.000+0200},
  title = {Statistical Mechanics: Entropy, Order Parameters and Complexity },
  year = 2006
}

@article{PhysRevB.100.094506,
  title = {Superfluid stiffness in cuprates: Effect of Mott transition and phase competition},
  author = {Simard, O. and H\'ebert, C.-D. and Foley, A. and S\'en\'echal, D. and Tremblay, A.-M. S.},
  journal = {Phys. Rev. B},
  volume = {100},
  issue = {9},
  pages = {094506},
  numpages = {15},
  year = {2019},
  month = {Sep},
  publisher = {American Physical Society},
  doi = {10.1103/PhysRevB.100.094506},
  url = {https://link.aps.org/doi/10.1103/PhysRevB.100.094506}
}
@book{PSS,
  title = {Statistical Mechanics},
  author = {Pathria, R. K. and Beale, Paul D.},
  year = {2011},
  edition = {3rd ed},
  publisher = {Elsevier/Academic Press},
  address = {Amsterdam ; Boston},
  isbn = {978-0-12-382188-1},
  langid = {english},
  lccn = {QC174.8 .P38 2011}
}

@inproceedings{GMS,
  title={Geometric Mechanics and Symmetry: From Finite to Infinite Dimensions},
  author={Cristina Stoica and Tanya Schmah and Darryl D. Holm},
  year={2009},
  url={https://api.semanticscholar.org/CorpusID:10591639}
}

@book{Zee2010,
  added-at = {2014-09-15T08:49:36.000+0200},
  author = {Zee, A.},
  biburl = {https://www.bibsonomy.org/bibtex/20118457da3dd19fd0959fb5261d5eb88/zhaozhh02},
  edition = {second edition},
  file = {:Users/zhaozhenhua/yunpan/Material/Particles&Fields/QuantumFieldTheory/Zee/zee Quantum_Field_Theory_in_a_Nutshell__Second_Edition.pdf:PDF},
  interhash = {ffe6725caa9fd8754b309d01612a462c},
  intrahash = {0118457da3dd19fd0959fb5261d5eb88},
  keywords = {imported},
  owner = {zhao},
  publisher = {Princeton University Press},
  timestamp = {2014-09-15T08:49:36.000+0200},
  title = {Quantum field theory in a nutshell},
  year = 2010
}

@book{bruus,
title = "Many-body quantum theory in condensed matter physics - an introduction",
author = "Henrik Bruus and Karsten Flensberg",
year = "2004",
language = "English",
publisher = "Oxford University Press",
address = "United States",
}
